@article{Bowden,
author = {Kaewtrakulpong, Pakorn and Bowden, Richard},
year = {2002},
month = {05},
pages = {},
title = {An Improved Adaptive Background Mixture Model for Realtime Tracking with Shadow Detection},
journal = {Proceedings of 2nd European Workshop on Advanced Video-Based Surveillance Systems; September 4, 2001; London, U.K},
doi = {10.1007/978-1-4615-0913-4_11}
}

@article{ZIVKOVIC2006773,
title = "Efficient adaptive density estimation per image pixel for the task of background subtraction",
journal = "Pattern Recognition Letters",
volume = "27",
number = "7",
pages = "773 - 780",
year = "2006",
issn = "0167-8655",
doi = "https://doi.org/10.1016/j.patrec.2005.11.005",
url = "http://www.sciencedirect.com/science/article/pii/S0167865505003521",
author = "Zoran Zivkovic and Ferdinand van der Heijden",
}

@misc{hawkeye,
  title = {Hawk-Eye Commercial Website},
  howpublished = {\url{https://www.hawkeyeinnovations.com/}},
  note = {Accessed: 2019-04-20}
}

@misc{watson,
  title = {IBM Blog: Watson powers US Open experiences for millions of tennis fans},
  howpublished = {\url{https://www.ibm.com/blogs/watson/2018/08/watson-powers-us-open-experiences-for-millions-of-tennis-fans/}},
  note = {Accessed: 2019-04-20}
}

@INPROCEEDINGS{6315174, 
author={A. B. {Godbehere} and A. {Matsukawa} and K. {Goldberg}}, 
booktitle={2012 American Control Conference (ACC)}, 
title={Visual tracking of human visitors under variable-lighting conditions for a responsive audio art installation}, 
year={2012}, 
volume={}, 
number={}, 
pages={4305-4312},
doi={10.1109/ACC.2012.6315174}, 
ISSN={2378-5861}, 
month={June},}

@InProceedings{sensors,
author="Gouwanda, D.
and Senanayake, S. M. N. A.",
editor="Abu Osman, Noor Azuan
and Ibrahim, Fatimah
and Wan Abas, Wan Abu Bakar
and Abdul Rahman, Herman Shah
and Ting, Hua-Nong",
title="Emerging Trends of Body-Mounted Sensors in Sports and Human Gait Analysis",
booktitle="4th Kuala Lumpur International Conference on Biomedical Engineering 2008",
year="2008",
publisher="Springer Berlin Heidelberg",
address="Berlin, Heidelberg",
pages="715--718",
}